<?xml version="1.0" encoding="UTF-8"?>
<ting:container xmlns:ting="http://www.dbc.dk/ting" xmlns:dkabm="http://biblstandard.dk/abm/namespace/dkabm/" xmlns:ac="http://biblstandard.dk/ac/namespace/" xmlns:dkdcplus="http://biblstandard.dk/abm/namespace/dkdcplus/" xmlns:oss="http://oss.dbc.dk/ns/osstypes" xmlns:dc="http://purl.org/dc/elements/1.1/" xmlns:dcterms="http://purl.org/dc/terms/" xmlns:xsi="http://www.w3.org/2001/XMLSchema-instance" xmlns:docbook="http://docbook.org/ns/docbook" xmlns:oso="http://oss.dbc.dk/ns/opensearchobjects"><dkabm:record><ac:identifier>27694381|870970</ac:identifier><ac:source>Bibliotekskatalog</ac:source><dc:title>The curious case of Benjamin Button</dc:title><dc:title xsi:type="dkdcplus:full">The curious case of Benjamin Button : music from the motion picture</dc:title><dcterms:alternative>Score</dcterms:alternative><dcterms:alternative>Songs</dcterms:alternative><dc:subject xsi:type="dkdcplus:DK5">78.81:8</dc:subject><dc:subject xsi:type="dkdcplus:DK5-Text">Operaer, syngespil, operetter, revyer, skuespilmusik m.v.</dc:subject><dc:subject xsi:type="dkdcplus:genre">filmmusik - soundtracks</dc:subject><dc:subject xsi:type="dkdcplus:DBCM">filmmusik</dc:subject><dc:subject xsi:type="dkdcplus:DBCM">instrumental</dc:subject><dc:subject xsi:type="dkdcplus:DBCM">jazz</dc:subject><dc:subject xsi:type="dkdcplus:DBCM">orkester</dc:subject><dc:subject xsi:type="dkdcplus:DBCO">soundtracks</dc:subject><dc:subject xsi:type="dkdcplus:DBCM">swing</dc:subject><dc:subject xsi:type="dkdcplus:DBCM">traditionel jazz</dc:subject><dc:subject xsi:type="dkdcplus:DBCM">vokal</dc:subject><dc:description>Med små bidder af dialog fra filmen</dc:description><dcterms:audience>voksenmaterialer</dcterms:audience><dc:publisher>Concord Music Group</dc:publisher><dc:contributor>Bix Beiderbecke</dc:contributor><dc:contributor>Alexandre Desplat</dc:contributor><dc:contributor>David Fincher</dc:contributor><dc:contributor>De De Pierce</dc:contributor><dc:contributor>Doc Paulin</dc:contributor><dc:contributor>Frankie Trumbauer</dc:contributor><dc:contributor>Billie Pierce</dc:contributor><dc:contributor>Louis Armstrong</dc:contributor><dc:contributor>Robert Schumann</dc:contributor><dc:contributor>Sidney Bechet</dc:contributor><dc:contributor>Pérez Prado</dc:contributor><dc:contributor>Randy Kerber</dc:contributor><dc:contributor>Boswell Sisters</dc:contributor><dc:contributor>Preservation Hall Jazz Band</dc:contributor><dc:contributor>Choeur de la Cathedrale de la Rue Daru, Paris XVII</dc:contributor><dc:contributor>The Platters</dc:contributor><dc:date>2008</dc:date><dc:type xsi:type="dkdcplus:BibDK-Type">Cd (musik)</dc:type><dc:format>2 cd'er</dc:format><dc:identifier>Concord 0888072312319</dc:identifier><dc:language xsi:type="dcterms:ISO639-2">eng</dc:language><dc:language>Engelsk</dc:language><dc:language xsi:type="dcterms:ISO639-2">rus</dc:language><dc:language>Russisk</dc:language><dcterms:hasPart xsi:type="dkdcplus:track">We shall walk through the streets of the city</dcterms:hasPart><dcterms:hasPart xsi:type="dkdcplus:track">Oistrich walk</dcterms:hasPart><dcterms:hasPart xsi:type="dkdcplus:track">That's how rhythm was born</dcterms:hasPart><dcterms:hasPart xsi:type="dkdcplus:track">Freight train blues</dcterms:hasPart><dcterms:hasPart xsi:type="dkdcplus:track">Basin Street blues</dcterms:hasPart><dcterms:hasPart xsi:type="dkdcplus:track">If I could be with you (one hour tonight)</dcterms:hasPart><dcterms:hasPart xsi:type="dkdcplus:track">Dear old Southland</dcterms:hasPart><dcterms:hasPart xsi:type="dkdcplus:track">Arabeske for klaver, C-dur, opus 18</dcterms:hasPart><dcterms:hasPart xsi:type="dkdcplus:track">Out of nowhere</dcterms:hasPart><dcterms:hasPart xsi:type="dkdcplus:track">Skokiaan</dcterms:hasPart><dcterms:hasPart xsi:type="dkdcplus:track">My prayer</dcterms:hasPart><dcterms:hasPart xsi:type="dkdcplus:track">Bethena</dcterms:hasPart><dcterms:spatial xsi:type="dkdcplus:DBCM">Frankrig</dcterms:spatial><dcterms:spatial xsi:type="dkdcplus:DBCM">USA</dcterms:spatial><dcterms:temporal xsi:type="dkdcplus:DBCM">1900-1999</dcterms:temporal><dcterms:temporal xsi:type="dkdcplus:DBCM">2000-2009</dcterms:temporal></dkabm:record><marcx:collection xmlns:marcx="info:lc/xmlns/marcxchange-v1"><marcx:record format="danMARC2" type="Bibliographic"><marcx:leader>000000000000000000000000</marcx:leader><marcx:datafield tag="001" ind1="0" ind2="0"><marcx:subfield code="a">27694381</marcx:subfield><marcx:subfield code="b">870970</marcx:subfield><marcx:subfield code="c">20090420181153</marcx:subfield><marcx:subfield code="d">20090401</marcx:subfield><marcx:subfield code="f">a</marcx:subfield></marcx:datafield><marcx:datafield tag="004" ind1="0" ind2="0"><marcx:subfield code="r">n</marcx:subfield><marcx:subfield code="a">e</marcx:subfield></marcx:datafield><marcx:datafield tag="006" ind1="0" ind2="0"><marcx:subfield code="2">a</marcx:subfield><marcx:subfield code="a">20081216</marcx:subfield></marcx:datafield><marcx:datafield tag="008" ind1="0" ind2="0"><marcx:subfield code="t">s</marcx:subfield><marcx:subfield code="u">f</marcx:subfield><marcx:subfield code="a">2008</marcx:subfield><marcx:subfield code="b">us</marcx:subfield><marcx:subfield code="l">eng</marcx:subfield><marcx:subfield code="v">0</marcx:subfield></marcx:datafield><marcx:datafield tag="009" ind1="0" ind2="0"><marcx:subfield code="a">s</marcx:subfield><marcx:subfield code="g">xc</marcx:subfield></marcx:datafield><marcx:datafield tag="021" ind1="0" ind2="0"><marcx:subfield code="d">Kr. 126,00</marcx:subfield></marcx:datafield><marcx:datafield tag="023" ind1="0" ind2="0"><marcx:subfield code="a">0888072312319</marcx:subfield></marcx:datafield><marcx:datafield tag="032" ind1="0" ind2="0"><marcx:subfield code="x">BKM200917</marcx:subfield></marcx:datafield><marcx:datafield tag="039" ind1="0" ind2="0"><marcx:subfield code="a">fil</marcx:subfield></marcx:datafield><marcx:datafield tag="041" ind1="0" ind2="0"><marcx:subfield code="a">eng</marcx:subfield><marcx:subfield code="a">rus</marcx:subfield></marcx:datafield><marcx:datafield tag="245" ind1="0" ind2="0"><marcx:subfield code="a">The ¤curious case of Benjamin Button</marcx:subfield><marcx:subfield code="c">music from the motion picture</marcx:subfield><marcx:subfield code="e">original score composed by Alexandre Desplat</marcx:subfield><marcx:subfield code="e">orcestra conducted by Alexandre Desplat</marcx:subfield></marcx:datafield><marcx:datafield tag="260" ind1="0" ind2="0"><marcx:subfield code="a">Beverly Hills, Calif.</marcx:subfield><marcx:subfield code="b">Concord Music Group</marcx:subfield><marcx:subfield code="c">p 2008</marcx:subfield></marcx:datafield><marcx:datafield tag="300" ind1="0" ind2="0"><marcx:subfield code="n">2 cd'er</marcx:subfield></marcx:datafield><marcx:datafield tag="512" ind1="0" ind2="0"><marcx:subfield code="i">Cd'ernes titler</marcx:subfield><marcx:subfield code="t">Score</marcx:subfield><marcx:subfield code="t">Songs</marcx:subfield></marcx:datafield><marcx:datafield tag="526" ind1="0" ind2="0"><marcx:subfield code="i">Af lydsporet til David Finchers film ; dansk titel</marcx:subfield><marcx:subfield code="t">Benjamin Buttons forunderlige liv</marcx:subfield></marcx:datafield><marcx:datafield tag="531" ind1="0" ind2="0"><marcx:subfield code="a">Af indholdet:</marcx:subfield></marcx:datafield><marcx:datafield tag="534" ind1="0" ind2="0"><marcx:subfield code="a">Med små bidder af dialog fra filmen</marcx:subfield></marcx:datafield><marcx:datafield tag="538" ind1="0" ind2="0"><marcx:subfield code="f">Concord</marcx:subfield><marcx:subfield code="g">0888072312319</marcx:subfield></marcx:datafield><marcx:datafield tag="652" ind1="0" ind2="0"><marcx:subfield code="m">78.81</marcx:subfield><marcx:subfield code="v">8</marcx:subfield></marcx:datafield><marcx:datafield tag="652" ind1="0" ind2="0"><marcx:subfield code="p">78.411</marcx:subfield></marcx:datafield><marcx:datafield tag="652" ind1="0" ind2="0"><marcx:subfield code="p">78.7931</marcx:subfield></marcx:datafield><marcx:datafield tag="666" ind1="0" ind2="0"><marcx:subfield code="0"/><marcx:subfield code="o">soundtracks</marcx:subfield></marcx:datafield><marcx:datafield tag="666" ind1="0" ind2="0"><marcx:subfield code="0"/><marcx:subfield code="m">filmmusik</marcx:subfield><marcx:subfield code="m">jazz</marcx:subfield><marcx:subfield code="m">traditionel jazz</marcx:subfield><marcx:subfield code="m">swing</marcx:subfield><marcx:subfield code="n">instrumental</marcx:subfield><marcx:subfield code="n">orkester</marcx:subfield><marcx:subfield code="n">vokal</marcx:subfield><marcx:subfield code="p">1900-1999</marcx:subfield><marcx:subfield code="p">2000-2009</marcx:subfield><marcx:subfield code="l">Frankrig</marcx:subfield><marcx:subfield code="l">USA</marcx:subfield></marcx:datafield><marcx:datafield tag="700" ind1="0" ind2="0"><marcx:subfield code="a">Beiderbecke</marcx:subfield><marcx:subfield code="h">Bix</marcx:subfield></marcx:datafield><marcx:datafield tag="700" ind1="0" ind2="0"><marcx:subfield code="a">Desplat</marcx:subfield><marcx:subfield code="h">Alexandre</marcx:subfield></marcx:datafield><marcx:datafield tag="700" ind1="0" ind2="0"><marcx:subfield code="a">Fincher</marcx:subfield><marcx:subfield code="h">David</marcx:subfield></marcx:datafield><marcx:datafield tag="700" ind1="0" ind2="0"><marcx:subfield code="a">Pierce</marcx:subfield><marcx:subfield code="h">De De</marcx:subfield></marcx:datafield><marcx:datafield tag="770" ind1="0" ind2="0"><marcx:subfield code="å">11</marcx:subfield><marcx:subfield code="a">Paulin</marcx:subfield><marcx:subfield code="h">Doc</marcx:subfield></marcx:datafield><marcx:datafield tag="770" ind1="0" ind2="0"><marcx:subfield code="å">12</marcx:subfield><marcx:subfield code="a">Trumbauer</marcx:subfield><marcx:subfield code="h">Frankie</marcx:subfield></marcx:datafield><marcx:datafield tag="770" ind1="0" ind2="0"><marcx:subfield code="å">14</marcx:subfield><marcx:subfield code="a">Pierce</marcx:subfield><marcx:subfield code="h">Billie</marcx:subfield></marcx:datafield><marcx:datafield tag="770" ind1="0" ind2="0"><marcx:subfield code="å">16</marcx:subfield><marcx:subfield code="a">Armstrong</marcx:subfield><marcx:subfield code="h">Louis</marcx:subfield></marcx:datafield><marcx:datafield tag="770" ind1="0" ind2="0"><marcx:subfield code="å">18</marcx:subfield><marcx:subfield code="a">Schumann</marcx:subfield><marcx:subfield code="h">Robert</marcx:subfield></marcx:datafield><marcx:datafield tag="770" ind1="0" ind2="0"><marcx:subfield code="å">19</marcx:subfield><marcx:subfield code="a">Bechet</marcx:subfield><marcx:subfield code="h">Sidney</marcx:subfield></marcx:datafield><marcx:datafield tag="770" ind1="0" ind2="0"><marcx:subfield code="å">20</marcx:subfield><marcx:subfield code="a">Prado</marcx:subfield><marcx:subfield code="h">Pérez</marcx:subfield></marcx:datafield><marcx:datafield tag="770" ind1="0" ind2="0"><marcx:subfield code="å">22</marcx:subfield><marcx:subfield code="a">Kerber</marcx:subfield><marcx:subfield code="h">Randy</marcx:subfield></marcx:datafield><marcx:datafield tag="780" ind1="0" ind2="0"><marcx:subfield code="å">13</marcx:subfield><marcx:subfield code="a">Boswell Sisters</marcx:subfield></marcx:datafield><marcx:datafield tag="780" ind1="0" ind2="0"><marcx:subfield code="å">15</marcx:subfield><marcx:subfield code="a">Preservation Hall Jazz Band</marcx:subfield></marcx:datafield><marcx:datafield tag="780" ind1="0" ind2="0"><marcx:subfield code="å">17</marcx:subfield><marcx:subfield code="a">Choeur de la Cathedrale de la Rue Daru, Paris XVII</marcx:subfield></marcx:datafield><marcx:datafield tag="780" ind1="0" ind2="0"><marcx:subfield code="å">21</marcx:subfield><marcx:subfield code="a">The ¤Platters</marcx:subfield></marcx:datafield><marcx:datafield tag="795" ind1="0" ind2="0"><marcx:subfield code="å">11</marcx:subfield><marcx:subfield code="a">We shall walk through the streets of the city</marcx:subfield><marcx:subfield code="e">Doc Paulin's Marching Band</marcx:subfield></marcx:datafield><marcx:datafield tag="795" ind1="0" ind2="0"><marcx:subfield code="å">12</marcx:subfield><marcx:subfield code="a">Oistrich walk</marcx:subfield><marcx:subfield code="e">Frankie Trumbauer and his Orchestra featuring Bix Beiderbecke</marcx:subfield></marcx:datafield><marcx:datafield tag="795" ind1="0" ind2="0"><marcx:subfield code="å">13</marcx:subfield><marcx:subfield code="a">That's how rhythm was born</marcx:subfield></marcx:datafield><marcx:datafield tag="795" ind1="0" ind2="0"><marcx:subfield code="å">14</marcx:subfield><marcx:subfield code="a">Freight train blues</marcx:subfield><marcx:subfield code="e">Billie &amp; Dede Pierce</marcx:subfield></marcx:datafield><marcx:datafield tag="795" ind1="0" ind2="0"><marcx:subfield code="å">15</marcx:subfield><marcx:subfield code="a">Basin Street blues</marcx:subfield></marcx:datafield><marcx:datafield tag="795" ind1="0" ind2="0"><marcx:subfield code="å">16</marcx:subfield><marcx:subfield code="a">If I could be with you (one hour tonight)</marcx:subfield><marcx:subfield code="e">Louis Armstrong and his Sebastian New Cotton Club Orchestra</marcx:subfield><marcx:subfield code="a">Dear old Southland</marcx:subfield></marcx:datafield><marcx:datafield tag="795" ind1="0" ind2="0"><marcx:subfield code="å">18</marcx:subfield><marcx:subfield code="a">Arabeske for klaver, C-dur, opus 18</marcx:subfield></marcx:datafield><marcx:datafield tag="795" ind1="0" ind2="0"><marcx:subfield code="å">19</marcx:subfield><marcx:subfield code="a">Out of nowhere</marcx:subfield></marcx:datafield><marcx:datafield tag="795" ind1="0" ind2="0"><marcx:subfield code="å">20</marcx:subfield><marcx:subfield code="a">Skokiaan</marcx:subfield><marcx:subfield code="e">Pérez Prado &amp; his orchestra</marcx:subfield></marcx:datafield><marcx:datafield tag="795" ind1="0" ind2="0"><marcx:subfield code="å">21</marcx:subfield><marcx:subfield code="a">My prayer</marcx:subfield></marcx:datafield><marcx:datafield tag="795" ind1="0" ind2="0"><marcx:subfield code="å">22</marcx:subfield><marcx:subfield code="a">Bethena</marcx:subfield></marcx:datafield><marcx:datafield tag="795" ind1="0" ind2="0"><marcx:subfield code="å">99</marcx:subfield><marcx:subfield code="y">0</marcx:subfield><marcx:subfield code="a">One hour tonight</marcx:subfield><marcx:subfield code="a">1 hour tonight</marcx:subfield></marcx:datafield><marcx:datafield tag="990" ind1="0" ind2="0"><marcx:subfield code="o">200917</marcx:subfield><marcx:subfield code="b">v</marcx:subfield><marcx:subfield code="u">nt</marcx:subfield></marcx:datafield><marcx:datafield tag="996" ind1="0" ind2="0"><marcx:subfield code="a">DBC</marcx:subfield></marcx:datafield><marcx:datafield tag="d08" ind1="0" ind2="0"><marcx:subfield code="o">dnj</marcx:subfield><marcx:subfield code="k">sno</marcx:subfield></marcx:datafield><marcx:datafield tag="d09" ind1="0" ind2="0"><marcx:subfield code="z">SFG200917</marcx:subfield></marcx:datafield><marcx:datafield tag="f06" ind1="0" ind2="0"><marcx:subfield code="b">v</marcx:subfield></marcx:datafield><marcx:datafield tag="n51" ind1="0" ind2="0"><marcx:subfield code="a">20090420</marcx:subfield></marcx:datafield><marcx:datafield tag="n55" ind1="0" ind2="0"><marcx:subfield code="a">20090401</marcx:subfield></marcx:datafield><marcx:datafield tag="s12" ind1="0" ind2="0"><marcx:subfield code="t">TeamMUS200914</marcx:subfield></marcx:datafield><marcx:datafield tag="z99" ind1="0" ind2="0"><marcx:subfield code="a">dnj</marcx:subfield></marcx:datafield></marcx:record></marcx:collection><oss:openurl/><adminData><creationDate>2009-04-01</creationDate><libraryType>none</libraryType><indexingAlias>danmarcxchange</indexingAlias><accessType>physical</accessType><collectionIdentifier>870970-basis</collectionIdentifier></adminData></ting:container>